
    <zs:record>
      <zs:recordSchema/>
      <zs:recordPacking>xml</zs:recordPacking>
      <zs:recordData>
        <record xmlns="http://www.loc.gov/MARC21/slim">
          <leader>01237cam a22003131  4500</leader>
          <controlfield tag="001">9215291</controlfield>
          <controlfield tag="005">20130514083406.0</controlfield>
          <controlfield tag="008">760130s1930    nyu           000 0 eng  </controlfield>
          <datafield tag="906" ind1=" " ind2=" ">
            <subfield code="a">7</subfield>
            <subfield code="b">cbc</subfield>
            <subfield code="c">oclcrpl</subfield>
            <subfield code="d">u</subfield>
            <subfield code="e">ncip</subfield>
            <subfield code="f">19</subfield>
            <subfield code="g">y-gencatlg</subfield>
          </datafield>
          <datafield tag="010" ind1=" " ind2=" ">
            <subfield code="a">   30015560 </subfield>
          </datafield>
          <datafield tag="035" ind1=" " ind2=" ">
            <subfield code="9">(DLC)   30015560</subfield>
          </datafield>
          <datafield tag="035" ind1=" " ind2=" ">
            <subfield code="a">(OCoLC)1954742</subfield>
          </datafield>
          <datafield tag="040" ind1=" " ind2=" ">
            <subfield code="a">DLC</subfield>
            <subfield code="c">MdU-BC</subfield>
            <subfield code="d">OCoLC</subfield>
            <subfield code="d">DLC</subfield>
          </datafield>
          <datafield tag="042" ind1=" " ind2=" ">
            <subfield code="a">premarc</subfield>
          </datafield>
          <datafield tag="050" ind1="0" ind2="0">
            <subfield code="a">F67</subfield>
            <subfield code="b">.R79</subfield>
          </datafield>
          <datafield tag="100" ind1="1" ind2=" ">
            <subfield code="a">Rose-Troup, Frances,</subfield>
            <subfield code="d">1859-</subfield>
          </datafield>
          <datafield tag="245" ind1="1" ind2="4">
            <subfield code="a">The Massachusetts Bay Company and its predecessors,</subfield>
            <subfield code="c">by Frances Rose-Troup...</subfield>
          </datafield>
          <datafield tag="260" ind1=" " ind2=" ">
            <subfield code="a">New York,</subfield>
            <subfield code="b">The Grafton press,</subfield>
            <subfield code="c">[1930]</subfield>
          </datafield>
          <datafield tag="300" ind1=" " ind2=" ">
            <subfield code="a">xi, 176 p.</subfield>
            <subfield code="c">22 cm.</subfield>
          </datafield>
          <datafield tag="490" ind1="0" ind2=" ">
            <subfield code="a">The new Grafton historical series</subfield>
          </datafield>
          <datafield tag="500" ind1=" " ind2=" ">
            <subfield code="a">"Only five hundred copies of this book have been printed from type and the type distributed."</subfield>
          </datafield>
          <datafield tag="500" ind1=" " ind2=" ">
            <subfield code="a">"Adventurers in the Massachusetts Bay company": p. 130-162.</subfield>
          </datafield>
          <datafield tag="504" ind1=" " ind2=" ">
            <subfield code="a">Bibliography: p. 163-164.</subfield>
          </datafield>
          <datafield tag="651" ind1=" " ind2="0">
            <subfield code="a">Massachusetts</subfield>
            <subfield code="x">History</subfield>
            <subfield code="y">Colonial period, ca. 1600-1775.</subfield>
          </datafield>
          <datafield tag="610" ind1="2" ind2="0">
            <subfield code="a">Massachusetts Bay Company.</subfield>
          </datafield>
          <datafield tag="610" ind1="2" ind2="0">
            <subfield code="a">Company for Propagation of the Gospel in New England and the Parts Adjacent in America.</subfield>
          </datafield>
          <datafield tag="610" ind1="2" ind2="0">
            <subfield code="a">Dorchester Company.</subfield>
          </datafield>
          <datafield tag="985" ind1=" " ind2=" ">
            <subfield code="e">OCLC REPLACEMENT cdsdistr</subfield>
          </datafield>
          <datafield tag="991" ind1=" " ind2=" ">
            <subfield code="b">c-GenColl</subfield>
            <subfield code="h">F67</subfield>
            <subfield code="i">.R79</subfield>
            <subfield code="p">00035758069</subfield>
            <subfield code="t">Copy 1</subfield>
            <subfield code="w">OCLCREP</subfield>
          </datafield>
        </record>
      </zs:recordData>
      <zs:recordPosition>7</zs:recordPosition>
    </zs:record>